<record><leader>00000cas a2200000 a 4500</leader><controlfield tag="001">12120688</controlfield><controlfield tag="008">850605c19139999wvudn ne      0   a0eng d</controlfield><datafield ind1=" " ind2=" " tag="010"><subfield code="a">sn 85007371 </subfield></datafield><datafield ind1=" " ind2=" " tag="040"><subfield code="a">NSD</subfield><subfield code="b">eng</subfield><subfield code="c">NSD</subfield><subfield code="d">WVC</subfield><subfield code="d">NSD</subfield><subfield code="d">WVC</subfield><subfield code="d">KNP</subfield><subfield code="d">OCL</subfield><subfield code="d">OCLCQ</subfield></datafield><datafield ind1=" " ind2=" " tag="012"><subfield code="l">1</subfield><subfield code="m">1</subfield></datafield><datafield ind1="1" ind2=" " tag="022"><subfield code="a">0883-1602</subfield><subfield code="l">0883-1602</subfield><subfield code="2">1</subfield></datafield><datafield ind1=" " ind2=" " tag="032"><subfield code="a">648800</subfield><subfield code="b">USPS</subfield></datafield><datafield ind1=" " ind2=" " tag="037"><subfield code="b">Williamson Daily News, Inc., 100 E. 3rd Ave., Williamson, W. Va. 25661</subfield></datafield><datafield ind1=" " ind2=" " tag="042"><subfield code="a">nsdp</subfield></datafield><datafield ind1=" " ind2="0" tag="222"><subfield code="a">Williamson daily news</subfield></datafield><datafield ind1="0" ind2="0" tag="245"><subfield code="a">Williamson daily news.</subfield></datafield><datafield ind1=" " ind2=" " tag="260"><subfield code="a">Williamson, W. Va. :</subfield><subfield code="b">[Williamson Daily, News],</subfield><subfield code="c">1913-</subfield></datafield><datafield ind1=" " ind2=" " tag="310"><subfield code="a">Daily (except Sun.)</subfield></datafield><datafield ind1="0" ind2=" " tag="362"><subfield code="a">Vol. 1, no. 2 (Jan. 9, 1913)-</subfield></datafield><datafield ind1=" " ind2=" " tag="500"><subfield code="a">Trial issue published Dec. 7, 1912 which was not accepted by the Post Office.</subfield></datafield><datafield ind1=" " ind2=" " tag="500"><subfield code="a">"Independent-in all things."</subfield></datafield><datafield ind1=" " ind2="4" tag="651"><subfield code="a">Williamson (W. Va.)</subfield><subfield code="v">Newspapers.</subfield></datafield><datafield ind1=" " ind2=" " tag="752"><subfield code="a">United States</subfield><subfield code="b">West Virginia</subfield><subfield code="c">Mingo</subfield><subfield code="d">Williamson.</subfield></datafield><datafield ind1="0" ind2="5" tag="780"><subfield code="t">Progressive West Virginian</subfield><subfield code="w">(DLC)sn 86092086</subfield></datafield><datafield ind1="1" ind2=" " tag="029"><subfield code="a">AU@</subfield><subfield code="b">000020375764</subfield></datafield></record>